@manual{iwonamath,
title = {The \pkg{iwonamath} package},
subtitle = {\LaTeX\ support for scaled Iwona math fonts},
author = { Boris Veytsman},
url = {https://ctan.org/pkg/iwonamath},
urldate = {2023-09-01}, 
date = {2023-08-31},
version = {1.0},
year = {2023},
}

